<record><leader>00000cas a2200000 a 4500</leader><controlfield tag="001">10765351</controlfield><controlfield tag="008">840523d19721986iluwr ne      0   a0eng c</controlfield><datafield ind1=" " ind2=" " tag="010"><subfield code="a">sn 84005889 </subfield></datafield><datafield ind1=" " ind2=" " tag="040"><subfield code="a">NSD</subfield><subfield code="b">eng</subfield><subfield code="c">NSD</subfield><subfield code="d">NVF</subfield><subfield code="d">OCLCQ</subfield><subfield code="d">CVF</subfield><subfield code="d">OCLCQ</subfield><subfield code="d">NVF</subfield><subfield code="d">OCLCQ</subfield><subfield code="d">OCLCF</subfield><subfield code="d">OCLCO</subfield></datafield><datafield ind1=" " ind2=" " tag="012"><subfield code="m">1</subfield></datafield><datafield ind1="1" ind2=" " tag="022"><subfield code="a">0747-3524</subfield><subfield code="l">0747-3524</subfield><subfield code="2">1</subfield></datafield><datafield ind1="1" ind2=" " tag="029"><subfield code="a">AU@</subfield><subfield code="b">000024692639</subfield></datafield><datafield ind1=" " ind2=" " tag="032"><subfield code="a">719410</subfield><subfield code="b">USPS</subfield></datafield><datafield ind1=" " ind2=" " tag="037"><subfield code="b">Sycamore News, 215 S. Sacramento St., Sycamore, IL 60178</subfield></datafield><datafield ind1=" " ind2=" " tag="042"><subfield code="a">nsdp</subfield><subfield code="a">pcc</subfield></datafield><datafield ind1=" " ind2=" " tag="043"><subfield code="a">n-us-il</subfield></datafield><datafield ind1="0" ind2=" " tag="130"><subfield code="a">Sycamore news (Sycamore, Ill. : 1972)</subfield></datafield><datafield ind1=" " ind2="0" tag="222"><subfield code="a">Sycamore news</subfield></datafield><datafield ind1="1" ind2="0" tag="245"><subfield code="a">Sycamore news.</subfield></datafield><datafield ind1=" " ind2=" " tag="260"><subfield code="a">Sycamore, Ill. :</subfield><subfield code="b">Jim Reid,</subfield><subfield code="c">1972-1986.</subfield></datafield><datafield ind1=" " ind2=" " tag="310"><subfield code="a">Weekly</subfield></datafield><datafield ind1="0" ind2=" " tag="362"><subfield code="a">Vol. 1, issue 1 (Feb. 24, 1972)-v. 16, no. 8 (Apr. 9, 1986).</subfield></datafield><datafield ind1=" " ind2="0" tag="651"><subfield code="a">Sycamore (Ill.)</subfield><subfield code="v">Newspapers.</subfield></datafield><datafield ind1=" " ind2="7" tag="655"><subfield code="a">Newspapers.</subfield><subfield code="2">fast</subfield><subfield code="0">(OCoLC)fst01423814</subfield></datafield><datafield ind1=" " ind2="7" tag="651"><subfield code="a">Illinois</subfield><subfield code="z">Sycamore.</subfield><subfield code="2">fast</subfield><subfield code="0">(OCoLC)fst01221238</subfield></datafield><datafield ind1=" " ind2=" " tag="752"><subfield code="a">United States</subfield><subfield code="b">Illinois</subfield><subfield code="c">De Kalb</subfield><subfield code="d">Sycamore.</subfield></datafield><datafield ind1="0" ind2="0" tag="785"><subfield code="t">Sycamore Republican-news</subfield><subfield code="w">(DLC)sn 92053437</subfield><subfield code="w">(OCoLC)27110975</subfield></datafield></record>